@book{Breymann:2020,
	title = {C++ programmieren: C++ lernen – professionell anwenden -- Lösungen nutzen. Aktuell zu C++20},
	author = {Ulrich Breymann},
	note = {6., überarbeitete Auflage},
	year = 2020,
	publisher = {Carl Hanser Verlag GmbH \& Co. KG},
	isbn = {978-3-446-46551-0},
	doi = {10.3139/9783446465510}
}

@article{ct_LaTeX:2005,
	author = {Herbert Voss},
	title = {Flotter {O}ldie: ({L}a){T}e{X} -- 25 {J}ahre und kein {E}nde},
	journal = {c't},
	volume = {9},
	year = {2005},
	pages = {172--175}
}

@inproceedings{Schaefer_Spurk:2010,
	author = {Ulrich Schäfer and Christian Spurk},
	title = {{TAKE} Scientist's Workbench: {S}emantic Search and Citation-Based Visual Navigation in Scholar Papers},
	booktitle ={Fourth {IEEE} International Conference on Semantic Computing},
	isbn = {978-0-7695-4154-9},
	year = {2010},
	month = {September},
	pages = {317--324},
	doi = {10.1109/ICSC.2010.40},
	publisher = {{IEEE} Computer Society},
	address = {Los Alamitos, CA, USA}
}


@misc{MAX30100,
	author = "{Analog Devices}",
	title = {MAX30100 Pulse Oximeter and Heart-Rate Sensor IC for Wearable Health},
	year = 2014,
	month  = {September},
	url = {https://www.analog.com/media/en/technical-documentation/data-sheets/MAX30100.pdf},
	lastchecked = {19.05.2024}
}

@misc{zotero,
	author = "{Zotero.org}",
	title = {Zotero -- Your personal research assistant},
	note = {Zotero is a free, easy-to-use tool to help you collect, organize, annotate, cite, and share research},
	url = {https://zotero.org},
	lastchecked = {19.05.2024}
}

@misc{jabref,
	author = "{Jabref.org}",
	title = {JabRef -- Stay on top of your literature},
	note = {JabRef is an open-source, cross-platform citation and reference management tool},
	url = {https://www.jabref.org},
	lastchecked = {19.05.2024}
}

@misc{nodeRED,
	author = "{OpenJS Foundation}",
	title = {Node-RED -- Low-code programming for event-driven applications},
	url = {https://nodered.org},
	lastchecked = {19.05.2024}
}

@misc{paho_android,
	author = "{Eclipse Foundation}",
	title = {Eclipse Paho Android Service},
	url = {https://eclipse.dev/paho/index.php?page=clients/android/index.php},
	lastchecked = {19.05.2024}
}

@misc{max30100breakout,
	author = "{AZ-Delivery GmbH}",
	title = {MAX30100 Modul (Beschreibung des Breakout-Moduls)},
	note = {PDF im Moodlekurs  als "Kurzbeschreibung" verfügbar},
	url = {https://moodle.oth-aw.de/pluginfile.php/304161/course/section/43767/MAX30100%20de.pdf},
	lastchecked = {19.05.2024}
}
